
@article{lafferty2001conditional,
  title={Conditional random fields: Probabilistic models for segmenting and labeling sequence data},
  author={Lafferty, John and McCallum, Andrew and Pereira, Fernando CN},
  year={2001}
}


@article{ crf_automatic_syllabification ,
    author       = {Rogova, Kseniya and Demuynck, Kris and Van Compernolle, Dirk},
    issn         = {2211-4009},
    journal      = {COMPUTATIONAL LINGUISTICS IN THE NETHERLANDS JOURNAL},
    language     = {eng},
    pages        = {34--48},
    title        = {Automatic syllabification using segmental conditional random fields},
    url          = {http://www.clinjournal.org/node/37},
    volume       = {3},
    year         = {2013}
}

 
@incollection{ crf_roman_syllabification, 
    year={2013},
    isbn={978-3-642-40584-6},
    booktitle={Text, Speech, and Dialogue},
    volume={8082},
    series={Lecture Notes in Computer Science},
    editor={Habernal, Ivan and Matoušek, Václav},
    doi={10.1007/978-3-642-40585-3_57},
    title={Romanian Syllabication Using Machine Learning},
    url={http://dx.doi.org/10.1007/978-3-642-40585-3_57},
    publisher={Springer Berlin Heidelberg},
    author={Dinu, LiviuP. and Niculae, Vlad and Sulea, Octavia-Maria},
    pages={450-456},
    language={English}
}


@inproceedings{ crf_word_hyphenation,
    author = {Trogkanis, Nikolaos and Elkan, Charles},
    title = {Conditional Random Fields for Word Hyphenation},
    booktitle = {Proceedings of the 48th Annual Meeting of the Association for Computational Linguistics},
    series = {ACL '10},
    year = {2010},
    location = {Uppsala, Sweden},
    pages = {366--374},
    numpages = {9},
    url = {http://dl.acm.org/citation.cfm?id=1858681.1858719},
    acmid = {1858719},
    publisher = {Association for Computational Linguistics},
    address = {Stroudsburg, PA, USA},
} 








@inproceedings{DBLP:conf/fire/PalchowdhuryMPBM11,
  author    = {Sauparna Palchowdhury and
               Prasenjit Majumder and
               Dipasree Pal and
               Ayan Bandyopadhyay and
               Mandar Mitra},
  title     = {Overview of {FIRE} 2011},
  booktitle = {Multilingual Information Access in South Asian Languages - Second
               International Workshop, {FIRE} 2010, Gandhinagar, India, February
               19-21, 2010 and Third International Workshop, {FIRE} 2011, Bombay,
               India, December 2-4, 2011, Revised Selected Papers},
  pages     = {1--12},
  year      = {2011},
  crossref  = {DBLP:conf/fire/2011},
  url       = {http://dx.doi.org/10.1007/978-3-642-40087-2_1},
  doi       = {10.1007/978-3-642-40087-2_1},
  timestamp = {Mon, 09 Sep 2013 14:15:06 +0200},
  biburl    = {http://dblp.uni-trier.de/rec/bib/conf/fire/PalchowdhuryMPBM11},
  bibsource = {dblp computer science bibliography, http://dblp.org}
}

@proceedings{DBLP:conf/fire/2011,
  editor    = {Prasenjit Majumder and
               Mandar Mitra and
               Pushpak Bhattacharyya and
               L. Venkata Subramaniam and
               Danish Contractor and
               Paolo Rosso},
  title     = {Multilingual Information Access in South Asian Languages - Second
               International Workshop, {FIRE} 2010, Gandhinagar, India, February
               19-21, 2010 and Third International Workshop, {FIRE} 2011, Bombay,
               India, December 2-4, 2011, Revised Selected Papers},
  series    = {Lecture Notes in Computer Science},
  volume    = {7536},
  publisher = {Springer},
  year      = {2013},
  url       = {http://dx.doi.org/10.1007/978-3-642-40087-2},
  doi       = {10.1007/978-3-642-40087-2},
  isbn      = {978-3-642-40086-5},
  timestamp = {Mon, 09 Sep 2013 14:09:43 +0200},
  biburl    = {http://dblp.uni-trier.de/rec/bib/conf/fire/2011},
  bibsource = {dblp computer science bibliography, http://dblp.org}
}



@inproceedings{Zobel:1996:PSM:243199.243258,
 author = {Zobel, Justin and Dart, Philip},
 title = {Phonetic String Matching: Lessons from Information Retrieval},
 booktitle = {Proceedings of the 19th Annual International ACM SIGIR Conference on Research and Development in Information Retrieval},
 series = {SIGIR '96},
 year = {1996},
 isbn = {0-89791-792-8},
 location = {Zurich, Switzerland},
 pages = {166--172},
 numpages = {7},
 url = {http://doi.acm.org/10.1145/243199.243258},
 doi = {10.1145/243199.243258},
 acmid = {243258},
 publisher = {ACM},
 address = {New York, NY, USA},
} 


@inproceedings{DBLP:conf/ssw/MarchandAD07,
    author    = {Yannick Marchand and
               Connie R. Adsett and
               Robert I. Damper},
    title     = {Evaluating automatic syllabification algorithms for English},
    booktitle = {Sixth {ISCA} Workshop on Speech Synthesis, Bonn, Germany, August 22-24,
               2007},
    pages     = {316--321},
    year      = {2007},
    crossref  = {DBLP:conf/ssw/2007},
    url       = {http://www.isca-speech.org/archive_open/ssw6/./ssw6_316.html},
    timestamp = {Wed, 12 Mar 2014 19:51:05 +0100},
    biburl    = {http://dblp.uni-trier.de/rec/bib/conf/ssw/MarchandAD07},
    bibsource = {dblp computer science bibliography, http://dblp.org}
}


@proceedings{DBLP:conf/ssw/2007,
    editor    = {Petra Wagner and
               Julia Abresch and
               Stefan Breuer and
               Wolfgang Hess},
    title     = {Sixth {ISCA} Workshop on Speech Synthesis, Bonn, Germany, August 22-24,
               2007},
    publisher = {{ISCA}},
    year      = {2007},
    url       = {http://www.isca-speech.org/archive_open/ssw6/},
    timestamp = {Wed, 12 Mar 2014 19:48:59 +0100},
    biburl    = {http://dblp.uni-trier.de/rec/bib/conf/ssw/2007},
    bibsource = {dblp computer science bibliography, http://dblp.org}
}



@inproceedings{Muller:2006:ISM:1622165.1622167,
    author = {M\"{u}ller, Karin},
    title = {Improving Syllabification Models with Phonotactic Knowledge},
    booktitle = {Proceedings of the Eighth Meeting of the ACL Special Interest Group on Computational Phonology and Morphology},
    series = {SIGPHON '06},
    year = {2006},
    location = {New York City, New York},
    pages = {11--20},
    numpages = {10},
    url = {http://dl.acm.org/citation.cfm?id=1622165.1622167},
    acmid = {1622167},
    publisher = {Association for Computational Linguistics},
    address = {Stroudsburg, PA, USA},
} 






@inproceedings{DBLP:conf/cikm/PalMMMS08,
  author    = {Dipasree Pal and
               Prasenjit Majumder and
               Mandar Mitra and
               Sukanya Mitra and
               Aparajita Sen},
  title     = {Issues in searching for Indian language web content},
  booktitle = {Proceeding of the 2nd {ACM} workshop on Improving Non English Web
               Searching, iNEWS 2008, Napa Valley, California, USA, October 30, 2008},
  pages     = {93--96},
  year      = {2008},
  crossref  = {DBLP:conf/cikm/2008inews},
  url       = {http://doi.acm.org/10.1145/1460027.1460044},
  doi       = {10.1145/1460027.1460044},
  timestamp = {Fri, 20 Nov 2009 14:15:12 +0100},
  biburl    = {http://dblp.uni-trier.de/rec/bib/conf/cikm/PalMMMS08},
  bibsource = {dblp computer science bibliography, http://dblp.org}
}

@proceedings{DBLP:conf/cikm/2008inews,
  editor    = {Fotis Lazarinis and
               Efthimis N. Efthimiadis and
               Jes{\'{u}}s Vilares and
               John Tait},
  title     = {Proceeding of the 2nd {ACM} workshop on Improving Non English Web
               Searching, iNEWS 2008, Napa Valley, California, USA, October 30, 2008},
  publisher = {{ACM}},
  year      = {2008},
  isbn      = {978-1-60558-416-4},
  timestamp = {Fri, 20 Nov 2009 14:08:13 +0100},
  biburl    = {http://dblp.uni-trier.de/rec/bib/conf/cikm/2008inews},
  bibsource = {dblp computer science bibliography, http://dblp.org}
}





@inproceedings{Blanchard:2008:IWS:1596324.1596336,
 author = {Blanchard, Daniel and Heinz, Jeffrey},
 title = {Improving Word Segmentation by Simultaneously Learning Phonotactics},
 booktitle = {Proceedings of the Twelfth Conference on Computational Natural Language Learning},
 series = {CoNLL '08},
 year = {2008},
 isbn = {978-1-905593-48-4},
 location = {Manchester, United Kingdom},
 pages = {65--72},
 numpages = {8},
 url = {http://dl.acm.org/citation.cfm?id=1596324.1596336},
 acmid = {1596336},
 publisher = {Association for Computational Linguistics},
 address = {Stroudsburg, PA, USA},
} 


@inproceedings{madhavi2014development,
  title={Development of language resources for speech application in Gujarati and Marathi},
  author={Madhavi, Maulik C and Sharma, Shantanu and Patil, Hemant and others},
  booktitle={Asian Language Processing (IALP), 2014 International Conference on},
  pages={115--118},
  year={2014},
  organization={IEEE}
}


@phdthesis{aggarwal2009transliteration,
  title={Transliteration involving English and Hindi languages using syllabification approach},
  author={Aggarwal, Ankit},
  year={2009},
  school={Indian Institute of Technology, Bombay Mumbai}
}


@inproceedings{daelemans1992generalization,
  title={Generalization performance of backpropagation learning on a syllabification task},
  author={Daelemans, Walter and van den Bosch, Antal},
  booktitle={Proceedings of the 3rd Twente Workshop on Language Technology},
  pages={27--38},
  year={1992},
  organization={Universiteit Twente, Enschede}
}

@article{mccarthy1979stress,
  title={On stress and syllabification},
  author={McCarthy, John J},
  journal={Linguistic Inquiry},
  pages={443--465},
  year={1979},
  publisher={JSTOR}
}


@inproceedings{fleck2008lexicalized,
  title={Lexicalized Phonotactic Word Segmentation.},
  author={Fleck, Margaret M},
  booktitle={ACL},
  pages={130--138},
  year={2008}
}

@article{rubach1990final,
  title={Final devoicing and cyclic syllabification in German},
  author={Rubach, Jerzy},
  journal={Linguistic inquiry},
  pages={79--94},
  year={1990},
  publisher={JSTOR}
}


@inproceedings{musa2011syllabification,
  title={Syllabification algorithm based on syllable rules matching for Malay language},
  author={Musa, Hafiz and Kadir, Rabiah A and Azman, Azreen and Abdullah, M Taufik},
  booktitle={Proceedings of the 10th WSEAS international conference on Applied computer and applied computational science},
  pages={279--286},
  year={2011},
  organization={World Scientific and Engineering Academy and Society (WSEAS)}
}

@book{kar2010syllablef,
  title={Syllable structure of Bangla: An Optimality-theoretic approach},
  author={Kar, Somdev},
  year={2010},
  publisher={Cambridge Scholars Publishing}
}

@inproceedings{kiraz1998multilingual,
  title={Multilingual syllabification using weighted finite-state transducers},
  author={Kiraz, George Anton and M{\"o}bius, Bernd},
  booktitle={The Third ESCA/COCOSDA Workshop (ETRW) on Speech Synthesis},
  year={1998}
}

@article{hammond1997parsing,
  title={Parsing syllables: Modeling OT computationally},
  author={Hammond, Michael},
  journal={arXiv preprint cmp-lg/9710004},
  year={1997}
}

@inproceedings{mayer2010toward,
  title={Toward a totally unsupervised, language-independent method for the syllabification of written texts},
  author={Mayer, Thomas},
  booktitle={Proceedings of the 11th Meeting of the ACL Special Interest Group on Computational Morphology and Phonology},
  pages={63--71},
  year={2010},
  organization={Association for Computational Linguistics}
}


@inproceedings{bartlett2009syllabification,
  title={On the syllabification of phonemes},
  author={Bartlett, Susan and Kondrak, Grzegorz and Cherry, Colin},
  booktitle={Proceedings of Human Language Technologies: The 2009 Annual Conference of the North American Chapter of the Association for Computational Linguistics},
  pages={308--316},
  year={2009},
  organization={Association for Computational Linguistics}
}


@software{crfpp,
  author = {{Taku Kudo}},
  title = {CRF++: Yet Another CRF Toolkit},
  url = {https://taku910.github.io/crfpp/},
  version = {0.58 },
  date = {2007},
}

@webpage{babusuthar,
  author = {Babu Suthar},
  urldate  = {2015-10-08},
  title = {Gujarati- English Learner’s Dictionary},
  url = {http://ccat.sas.upenn.edu/plc/gujarati/guj-engdictionary.pdf},
  note = "[Last Accessed: 10-August-2015]"
}


@book{kahn1976syllable,
  title={Syllable-based generalizations in English phonology},
  author={Kahn, Daniel},
  volume={156},
  year={1976},
  publisher={Indiana University Linguistics Club Bloomington}
}


@article{selkirk1984major,
  title={On the major class features and syllable theory},
  author={Selkirk, Elisabeth O},
  year={1984},
  publisher={The MIT Press}
}

@article{goslin2001comparison,
  title={A comparison of theoretical and human syllabification},
  author={Goslin, Jeremy and Frauenfelder, Ulrich H},
  journal={Language and Speech},
  volume={44},
  number={4},
  pages={409--436},
  year={2001},
  publisher={SAGE Publications}
}